<?xml version="1.0" encoding="UTF-8" ?>
<collection xmlns:xsi="http://www.w3.org/2001/XMLSchema-instance" xsi:schemaLocation="http://www.loc.gov/MARC21/slim http://www.loc.gov/standards/marcxml/schema/MARC21slim.xsd" xmlns="http://www.loc.gov/MARC21/slim">
   <record>
      <leader>     cam a22      a 4500</leader>
      <controlfield tag="001">1009968</controlfield>
      <controlfield tag="003">NIC</controlfield>
      <controlfield tag="005">20140830190927.0</controlfield>
      <controlfield tag="008">860115s1981    ir            001 0 ara d</controlfield>
      <datafield tag="035" ind1=" " ind2=" ">
         <subfield code="a">(CStRLIN)NYCX86B5876</subfield>
      </datafield>
      <datafield tag="035" ind1=" " ind2=" ">
         <subfield code="a">(NIC)notisAEJ9528</subfield>
      </datafield>
      <datafield tag="035" ind1=" " ind2=" ">
         <subfield code="a">(OCoLC)25296085</subfield>
      </datafield>
      <datafield tag="035" ind1=" " ind2=" ">
         <subfield code="a">1009968</subfield>
      </datafield>
      <datafield tag="040" ind1=" " ind2=" ">
         <subfield code="a">NIC</subfield>
         <subfield code="c">NIC</subfield>
      </datafield>
      <datafield tag="041" ind1="0" ind2=" ">
         <subfield code="a">araengper</subfield>
      </datafield>
      <datafield tag="100" ind1="1" ind2=" ">
         <subfield code="a">Imām al-Ḥaramayn al-Juwaynī, ʻAbd al-Malik ibn ʼAbd Allāh,</subfield>
         <subfield code="d">1028-1085.</subfield>
      </datafield>
      <datafield tag="245" ind1="1" ind2="3">
         <subfield code="a">al-Shāmil fī uṣūl al-dīn /</subfield>
         <subfield code="c">li-Imām al-Ḥaramayn Abī al-Maʼālī al-Juwaynī ; ḥaqqahu wa qaddama ʼalayh R.M. Frāng.</subfield>
      </datafield>
      <datafield tag="260" ind1=" " ind2=" ">
         <subfield code="a">Tihrān :</subfield>
         <subfield code="b">Muʼassasah-ʼi Muṭālaʼāt-i Islāmī,</subfield>
         <subfield code="c">1981.</subfield>
      </datafield>
      <datafield tag="300" ind1=" " ind2=" ">
         <subfield code="a">[8], 46 (pages numbered in words), 111, 7 p. ;</subfield>
         <subfield code="c">25 cm.</subfield>
      </datafield>
      <datafield tag="440" ind1=" " ind2="0">
         <subfield code="a">Silsilah-ʼi dānish-i Īrānī ;</subfield>
         <subfield code="v">27</subfield>
      </datafield>
      <datafield tag="500" ind1=" " ind2=" ">
         <subfield code="a">Title on added t.p.: al-Kitâb aš-Šâmil fî&apos;usûl ad-dîn.</subfield>
      </datafield>
      <datafield tag="500" ind1=" " ind2=" ">
         <subfield code="a">&quot;Exposition (taḥrīr) of al-Baqillani&apos;s Commentary (sharḥ) on the Kitāb al-Lumaʼ of al-Ashʼarī&quot;--P. 2 of preface.</subfield>
      </datafield>
      <datafield tag="500" ind1=" " ind2=" ">
         <subfield code="a">Text based on Teheran University Central Library manuscript no. 350.</subfield>
      </datafield>
      <datafield tag="500" ind1=" " ind2=" ">
         <subfield code="a">Text in Arabic, with introductory material in English and Persian.</subfield>
      </datafield>
      <datafield tag="500" ind1=" " ind2=" ">
         <subfield code="a">Includes index.</subfield>
      </datafield>
      <datafield tag="650" ind1=" " ind2="0">
         <subfield code="a">Islam</subfield>
         <subfield code="x">Doctrines</subfield>
         <subfield code="x">Early works to 1800.</subfield>
      </datafield>
      <datafield tag="600" ind1="1" ind2="0">
         <subfield code="a">Bāqillanī, Muḥammad ibn al-Ṭayyib,</subfield>
         <subfield code="d">-1013.</subfield>
         <subfield code="t">Sharḥ      ʼalā Kitāb al-Lumaʼ.</subfield>
      </datafield>
      <datafield tag="600" ind1="1" ind2="0">
         <subfield code="a">Ashʼarī, Abū al-Ḥasan ʼAlī ibn Ismāʼīl,</subfield>
         <subfield code="d">873?-935?</subfield>
         <subfield code="t">Kitāb al-Lumaʼ.</subfield>
      </datafield>
      <datafield tag="700" ind1="1" ind2=" ">
         <subfield code="a">Frank, Richard M.</subfield>
      </datafield>
      <datafield tag="740" ind1="0" ind2=" ">
         <subfield code="a">Kitâb aš-Šâmil fî&apos;usûl ad-dîn.</subfield>
      </datafield>
      <datafield tag="905" ind1=" " ind2=" ">
         <subfield code="a">19890105120000.0</subfield>
      </datafield>
      <datafield tag="950" ind1=" " ind2=" ">
         <subfield code="l">OLIN</subfield>
         <subfield code="b">\ORD\10/27/87\</subfield>
         <subfield code="d">ORD</subfield>
      </datafield>
      <datafield tag="903" ind1=" " ind2=" ">
         <subfield code="a">NYUACO</subfield>
         <subfield code="d">20141028</subfield>
         <subfield code="p">31924050636186</subfield>
      </datafield>
      <datafield tag="950" ind1=" " ind2=" ">
         <subfield code="a">BP166</subfield>
         <subfield code="b">.I33 1981</subfield>
         <subfield code="v"> </subfield>
      </datafield>
   </record>
</collection>
